% Encoding: UTF-8

@article{Wever2021,
doi       = {10.1109/TPAMI.2021.3051276},
issn      = {19393539},
journal   = {IEEE Transactions on Pattern Analysis and Machine Intelligence},
keywords  = {Automated machine learning,Bayesian optimization,hierarchical planning,multi-label classification},
number    = {9},
pages     = {3037--3054},
pmid      = {33439834},
title     = {{AutoML for Multi-Label Classification: Overview and Empirical Evaluation}},
volume    = {43},
year      = {2021}
}

@article{openml,
author  = {Joaquin Vanschoren, Jan N van Rijn, Bernd Bischl},
title   = {{OpenML: networked science in machine learning}},
journal = {SIGKDD Explorations},
volume  = {15(2)},
pages   = {49--60},
year    = {2013}
}

@article{amlb2019,
  title     = {{An Open Source AutoML Benchmark}},
  author    = {Gijsbers, P. and LeDell, E. and Poirier, S. and Thomas, J. and Bischl, B. and Vanschoren, J.},
  journal   = {arXiv preprint arXiv:1907.00909 [cs.LG]},
  url       = {https://arxiv.org/abs/1907.00909},
  note      = {Accepted at AutoML Workshop at ICML 2019},
  year      = {2019}
}

@article{Shah2021,
author    = {Shah, Vraj and Lacanlale, Jonathan and Kumar, Premanand and Yang, Kevin and Kumar, Arun},
doi       = {10.1145/3448016.3457274},
isbn      = {9781450383431},
issn      = {07308078},
journal   = {Proceedings of the ACM SIGMOD International Conference on Management of Data},
keywords  = {ML feature type inference,autoML,benchmark data,data preparation,labeled data},
pages     = {1584--1596},
title     = {{Towards Benchmarking Feature Type Inference for AutoML Platforms}},
year      = {2021}
}

@article{Feurer2020,
arxivId   = {2007.04074},
author    = {Feurer, Matthias and Eggensperger, Katharina and Falkner, Stefan and Lindauer, Marius and Hutter, Frank},
eprint    = {2007.04074},
keywords  = {automated automl,automated machine learning,benchmark,hyperparameter optimization,meta-learning},
pages     = {1--56},
title     = {{Auto-Sklearn 2.0: Hands-free AutoML via Meta-Learning}},
url       = {http://arxiv.org/abs/2007.04074},
year      = {2020}
}

@article{Feurer,
author  = {Feurer, Matthias},
title   = {{NIPS-2015-efficient-and-robust-automated-machine-learning-Paper}}
}

@article{Milutinovic2020,
author  = {Milutinovic, Mitar and Schoenfeld, Brandon and Martinez-Garcia, Diego and Ray, Saswati and Shah, Sujen and Yan, David},
journal = {ICML Workshop on Automated Machine Learning},
title   = {{On Evaluation of AutoML Systems}},
year    = {2020}
}

@article{automlBenchmark,
arxivId = {1907.00909},
author  = {Gijsbers, Pieter and LeDell, Erin and Thomas, Janek and Poirier, S'ebastien and Bischl, Bernd and Vanschoren, Joaquin},
eprint  = {1907.00909},
pages   = {1--8},
title   = {{An Open Source AutoML Benchmark}},
url     = {http://arxiv.org/abs/1907.00909},
year    = {2019}
}

@book{HutterLars2020,
author    = {Frank Hutter, Lars Kotthoff, Joaquin Vanschoren},
booktitle = {Automated Machine Learning},
doi       = {https://doi.org/10.1007/978-3-030-05318-5},
isbn      = {978-3-030-05317-8},
pages     = {223},
title     = {{Automated Machine Learning}},
year      = {2019}
}

@article{H2OAutoML20,
    title   = {{H2O AutoML: Scalable Automatic Machine Learning}},
    author  = {Erin LeDell and Sebastien Poirier},
    year    = {2020},
    month   = {July},
    journal = {7th ICML Workshop on Automated Machine Learning (AutoML)},
    url     = {https://www.automl.org/wp-content/uploads/2020/07/AutoML_2020_paper_61.pdf},
}

@Manual{PyCaret,
  author  = {Moez Ali},
  title   = {{PyCaret: An open source, low-code machine learning library in Python}},
  year    = {2020},
  month   = {April},
  note    = {PyCaret version 1.0.0},
  url     = {https://www.pycaret.org}
}

@inproceedings{autosklearn,
    title     = {{Efficient and Robust Automated Machine Learning}},
    author    = {Feurer, Matthias and Klein, Aaron and Eggensperger, Katharina  Springenberg, Jost and Blum, Manuel and Hutter, Frank},
    booktitle = {Advances in Neural Information Processing Systems 28 (2015)},
    pages     = {2962--2970},
    year      = {2015}
}


@misc{mljar,
  author    = {Aleksandra Plo'nska and Piotr Plo'nski},
  year      = {2021},
  publisher = {MLJAR},
  address   = {Lapy, Poland},
  title     = {MLJAR: State-of-the-art Automated Machine Learning Framework for Tabular Data.  Version 0.10.3},
  url       = {https://github.com/mljar/mljar-supervised}
}

@Manual{AWSAutopilot,
  author  = {Amazon Web Services},
  title   = {{Amazon SageMaker Developer Guide}},
  url     = {https://docs.aws.amazon.com/sagemaker/latest/dg/sagemaker-dg.pdf#autopilot-automate-model-development}
}

@Manual{Dataiku,
  author  = {Dataiku},
  title   = {{Dataiku Data Science Studio}},
  url     = {https://doc.dataiku.com/dss/latest/}
}

@Manual{GCPAutoML,
  author  = {Google Cloud},
  title   = {{Vertex AI para usu?rios do AutoML}},
  url     = {https://cloud.google.com/vertex-ai/docs/start/automl-users}
}

@INPROCEEDINGS{MLIndustry,
author={Paolanti, Marina and Romeo, Luca and Felicetti, Andrea and Mancini, Adriano and Frontoni, Emanuele and Loncarski, Jelena},
booktitle={2018 14th IEEE/ASME International Conference on Mechatronic and Embedded Systems and Applications (MESA)},
title={{Machine Learning approach for Predictive Maintenance in Industry 4.0}},
year={2018},
pages={1-6},
doi={10.1109/MESA.2018.8449150}
}

@INPROCEEDINGS{MLMedicine,
author={Maity, Niharika G. and Das, Sreerupa},
booktitle={2017 IEEE Aerospace Conference},
title={{Machine learning for improved diagnosis and prognosis in healthcare}},
year={2017},
pages={1-9},
doi={10.1109/AERO.2017.7943950}
}


@ARTICLE{MLEducation,
author={Chen, Lijia and Chen, Pingping and Lin, Zhijian},
journal={IEEE Access},
title={{Artificial Intelligence in Education: A Review}},
year={2020},
volume={8},
pages={75264-75278},
doi={10.1109/ACCESS.2020.2988510}
}

@InProceedings{MLMarketing,
author={Sundsoy, Pal and Bjelland, Johannes and Iqbal, Asif M. and Pentland, Alex ``Sandy'' and de Montjoye, Yves-Alexandre},
editor={Kennedy, William G. and Agarwal, Nitin and Yang, Shanchieh Jay},
title={{Big Data-Driven Marketing: How Machine Learning Outperforms Marketers' Gut-Feeling}},
booktitle={Social Computing, Behavioral-Cultural Modeling and Prediction},
year={2014},
publisher={Springer International Publishing},
address={Cham},
pages={367--374},
abstract={This paper shows how big data can be experimentally used at large scale for marketing purposes at a mobile network operator. We present results from a large-scale experiment in a MNO in Asia where we use machine learning to segment customers for text-based marketing. This leads to conversion rates far superior to the current best marketing practices within MNOs.},
isbn={978-3-319-05579-4}
}


@Comment{jabref-meta: databaseType:bibtex;}
